@article{knuth84,
  author = {Knuth, Donald E.},
  title = {Literate Programming},
  year = {1984},
  issue_date = {May 1984},
  publisher = {Oxford University Press, Inc.},
  address = {USA},
  volume = {27},
  number = {2},
  issn = {0010-4620},
  url = {https://doi.org/10.1093/comjnl/27.2.97},
  doi = {10.1093/comjnl/27.2.97},
  journal = {Comput. J.},
  month = may,
  pages = {97–111},
  numpages = {15}
}



@article{Gifford2023,
	title = {Mutators can drive the evolution of multi-resistance to antibiotics},
	author = {Gifford, Danna R. and {Berríos-Caro}, Ernesto and Joerres, Christine and {Suñé}, Marc and Forsyth, Jessica H. and Bhattacharyya, Anish and Galla, Tobias and Knight, Christopher G.},
	editor = {Matic, Ivan},
	year = {2023},
	month = {06},
	date = {2023-06-13},
	journal = {PLOS Genetics},
	pages = {e1010791},
	volume = {19},
	number = {6},
	doi = {10.1371/journal.pgen.1010791},
	url = {http://dx.doi.org/10.1371/journal.pgen.1010791},
	langid = {en}
}

@article{Ragheb2019,
	title = {Inhibiting the Evolution of Antibiotic Resistance},
	author = {Ragheb, Mark N. and Thomason, Maureen K. and Hsu, Chris and Nugent, Patrick and Gage, John and Samadpour, Ariana N. and Kariisa, Ankunda and Merrikh, Christopher N. and Miller, Samuel I. and Sherman, David R. and Merrikh, Houra},
	year = {2019},
	month = {01},
	date = {2019-01},
	journal = {Molecular Cell},
	pages = {157--165.e5},
	volume = {73},
	number = {1},
	doi = {10.1016/j.molcel.2018.10.015},
	url = {http://dx.doi.org/10.1016/j.molcel.2018.10.015},
	langid = {en}
}

@article{Krasovec2017,
	title = {Spontaneous mutation rate is a plastic trait associated with population density across domains of life},
	author = {{Kra{\v{s}}ovec}, Rok and Richards, Huw and Gifford, Danna R. and Hatcher, Charlie and Faulkner, Katy J. and Belavkin, Roman V. and Channon, Alastair and Aston, Elizabeth and McBain, Andrew J. and Knight, Christopher G.},
	editor = {Gore, Jeff},
	year = {2017},
	month = {08},
	date = {2017-08-24},
	journal = {PLOS Biology},
	pages = {e2002731},
	volume = {15},
	number = {8},
	doi = {10.1371/journal.pbio.2002731},
	url = {http://dx.doi.org/10.1371/journal.pbio.2002731},
	langid = {en}
}

@article{Chu2018,
	title = {Temperature responses of mutation rate and mutational spectrum in an Escherichia coli strain and the correlation with metabolic rate},
	author = {Chu, Xiao-Lin and Zhang, Bo-Wen and Zhang, Quan-Guo and Zhu, Bi-Ru and Lin, Kui and Zhang, Da-Yong},
	year = {2018},
	month = {08},
	date = {2018-08-29},
	journal = {BMC Evolutionary Biology},
	volume = {18},
	number = {1},
	doi = {10.1186/s12862-018-1252-8},
	url = {http://dx.doi.org/10.1186/s12862-018-1252-8},
	langid = {en}
}


@article{Liu2019,
	title = {Yeast Spontaneous Mutation Rate and Spectrum Vary with Environment},
	author = {Liu, Haoxuan and Zhang, Jianzhi},
	year = {2019},
	month = {05},
	date = {2019-05},
	journal = {Current Biology},
	pages = {1584--1591.e3},
	volume = {29},
	number = {10},
	doi = {10.1016/j.cub.2019.03.054},
	url = {http://dx.doi.org/10.1016/j.cub.2019.03.054},
	langid = {en}
}

@article{MacLean2013,
	title = {Evaluating evolutionary models of stress-induced mutagenesis in bacteria},
	author = {MacLean, R. Craig and {Torres-Barceló}, Clara and Moxon, Richard},
	year = {2013},
	month = {02},
	date = {2013-02-12},
	journal = {Nature Reviews Genetics},
	pages = {221--227},
	volume = {14},
	number = {3},
	doi = {10.1038/nrg3415},
	url = {http://dx.doi.org/10.1038/nrg3415},
	langid = {en}
}

@article{Foster2007,
	title = {Stress-Induced Mutagenesis in Bacteria},
	author = {Foster, Patricia L.},
	year = {2007},
	month = {01},
	date = {2007-01},
	journal = {Critical Reviews in Biochemistry and Molecular Biology},
	pages = {373--397},
	volume = {42},
	number = {5},
	doi = {10.1080/10409230701648494},
	url = {http://dx.doi.org/10.1080/10409230701648494},
	langid = {en}
}

@article{Loewe2003,
	title = {High Deleterious Genomic Mutation Rate in Stationary Phase of
            {\emph{Escherichia coli}}},
	author = {Loewe, Laurence and Textor, Volker and Scherer, Siegfried},
	year = {2003},
	month = {11},
	date = {2003-11-28},
	journal = {Science},
	pages = {1558--1560},
	volume = {302},
	number = {5650},
	doi = {10.1126/science.1087911},
	url = {http://dx.doi.org/10.1126/science.1087911},
	langid = {en}
}

@article{Maharjan2017,
	title = {A shifting mutational landscape in 6 nutritional states: Stress-induced mutagenesis as a series of distinct stress input{\textendash}mutation output relationships},
	author = {Maharjan, Ram P. and Ferenci, Thomas},
	editor = {Gore, Jeff},
	year = {2017},
	month = {06},
	date = {2017-06-08},
	journal = {PLOS Biology},
	pages = {e2001477},
	volume = {15},
	number = {6},
	doi = {10.1371/journal.pbio.2001477},
	url = {http://dx.doi.org/10.1371/journal.pbio.2001477},
	langid = {en}
}

@article{Cirz2005,
	title = {Inhibition of Mutation and Combating the Evolution of Antibiotic Resistance},
	author = {Cirz, Ryan T and Chin, Jodie K and Andes, David R and {de Crécy-Lagard}, {Valérie} and Craig, William A and Romesberg, Floyd E},
	editor = {Waldor, Matt},
	year = {2005},
	month = {05},
	date = {2005-05-10},
	journal = {PLoS Biology},
	pages = {e176},
	volume = {3},
	number = {6},
	doi = {10.1371/journal.pbio.0030176},
	url = {http://dx.doi.org/10.1371/journal.pbio.0030176},
	langid = {en}
}

@article{Domenech2020,
	title = {Proton Motive Force Disruptors Block Bacterial Competence and Horizontal Gene Transfer},
	author = {Domenech, Arnau and Brochado, Ana Rita and Sender, Vicky and Hentrich, Karina and Henriques-Normark, Birgitta and Typas, Athanasios and Veening, Jan-Willem},
	year = {2020},
	month = {04},
	date = {2020-04},
	journal = {Cell Host & Microbe},
	pages = {544--555.e3},
	volume = {27},
	number = {4},
	doi = {10.1016/j.chom.2020.02.002},
	url = {http://dx.doi.org/10.1016/j.chom.2020.02.002},
	langid = {en}
}

@article{Alam2016,
	title = {RecA Inhibitors Potentiate Antibiotic Activity and Block Evolution of Antibiotic Resistance},
	author = {Alam, {Md Kausar} and Alhhazmi, Areej and DeCoteau, {John F.} and Luo, Yu and Geyer, {C. Ronald}},
	year = {2016},
	month = {03},
	date = {2016-03},
	journal = {Cell Chemical Biology},
	pages = {381--391},
	volume = {23},
	number = {3},
	doi = {10.1016/j.chembiol.2016.02.010},
	url = {http://dx.doi.org/10.1016/j.chembiol.2016.02.010},
	langid = {en}
}

@article{Krasovec2018,
	title = {Opposing effects of final population density and stress on Escherichia coli mutation rate},
	author = {{Kra{\v{s}}ovec}, Rok and Richards, Huw and Gifford, Danna R. and Belavkin, Roman V. and Channon, Alastair and Aston, Elizabeth and McBain, Andrew J. and Knight, Christopher G.},
	year = {2018},
	month = {08},
	date = {2018-08-07},
	journal = {The ISME Journal},
	pages = {2981--2987},
	volume = {12},
	number = {12},
	doi = {10.1038/s41396-018-0237-3},
	url = {http://dx.doi.org/10.1038/s41396-018-0237-3},
	langid = {en}
}

@article{Gifford2023,
	title = {Environmental and genetic influence on rate and spectrum of spontaneous mutations in Escherichia coli},
	author = {Gifford, Danna R. and Bhattacharyya, Anish and Geim, Alexandra and Marshall, Eleanor and{Kra{\v{s}}ovec}, Rok and Knight, Christopher G.},
	year = {2023},
	month = {06},
	date = {2023-06-26},
	journal = {biorXiv},
	doi = {10.1101/2023.04.06.535897},
	url = {https://doi.org/10.1101/2023.04.06.535897},
	langid = {en}
}


@article{Maharjan2018,
  title={The impact of growth rate and environmental factors on mutation rates and spectra in Escherichia coli},
  author={Maharjan, Ram P and Ferenci, Thomas},
  journal={Environmental microbiology reports},
  volume={10},
  number={6},
  pages={626--633},
  year={2018},
  publisher={Wiley Online Library}
}
